<record><leader>00000cas a22000007a 4500</leader><controlfield tag="001">23737190</controlfield><controlfield tag="008">910513d19741975nyuwr ne      0    0eng d</controlfield><datafield ind1=" " ind2=" " tag="010"><subfield code="a">sn 91066539 </subfield></datafield><datafield ind1=" " ind2=" " tag="040"><subfield code="a">NYS</subfield><subfield code="b">eng</subfield><subfield code="c">NYS</subfield><subfield code="d">OCLCQ</subfield></datafield><datafield ind1=" " ind2=" " tag="042"><subfield code="a">msc</subfield></datafield><datafield ind1="0" ind2="0" tag="245"><subfield code="a">Rhinebeck examiner, Northern Dutchess news.</subfield></datafield><datafield ind1=" " ind2=" " tag="260"><subfield code="a">Rhinebeck, N.Y. :</subfield><subfield code="b">P.S.A. Pub. Co.,</subfield><subfield code="c">1974-1975.</subfield></datafield><datafield ind1=" " ind2=" " tag="300"><subfield code="a">v.</subfield></datafield><datafield ind1=" " ind2=" " tag="310"><subfield code="a">Weekly</subfield></datafield><datafield ind1="0" ind2=" " tag="362"><subfield code="a">Vol. 36, no. 26 (Dec. 26, 1974)- ; -v. 9, no. 1 (Jan. 2, 1975).</subfield></datafield><datafield ind1=" " ind2="4" tag="651"><subfield code="a">Rhinebeck (N.Y.)</subfield><subfield code="v">Newspapers.</subfield></datafield><datafield ind1=" " ind2=" " tag="752"><subfield code="a">United States</subfield><subfield code="b">New York</subfield><subfield code="c">Dutchess</subfield><subfield code="d">Rhinebeck.</subfield></datafield><datafield ind1="0" ind2="4" tag="780"><subfield code="t">Rhinebeck examiner</subfield><subfield code="w">(DLC)sn 91066538</subfield><subfield code="w">(OCoLC)23737159</subfield></datafield><datafield ind1="0" ind2="4" tag="780"><subfield code="t">Northern Dutchess news</subfield></datafield><datafield ind1="0" ind2="0" tag="785"><subfield code="t">Examiner, Northern Dutchess news</subfield><subfield code="w">(DLC)sn 91066540</subfield><subfield code="w">(OCoLC)23737232</subfield></datafield><datafield ind1="1" ind2=" " tag="029"><subfield code="a">AU@</subfield><subfield code="b">000025908732</subfield></datafield></record>